% BiBTeX database

%% bibtexfile{
	%%  author   = "J. Guillermo Colli-Alfaro",
	%%  version  = "1.0",
	%%  date     = "21 February 2019",
	%%  filename = "references.bib",
	%%  address  = "Wearable Biomechatronics Laboratory
	%%  		School of Biomedical Engineering
	%%		University of Western Ontario",
	%%  email    = "<jcollial at node uwo.ca>" }

%%%%%%%%%%%%%%%%%%%%%%%%%%%%%%%%%%%%%%%%%%%%%%%%%%%%%%%%%%%%%%%%%%%%%%%%%%%%%%
%%  Journals

@IEEEtranBSTCTL{IEEEexample:BSTcontrol,
	CTLuse_forced_etal       = "yes",
	CTLmax_names_forced_etal = "3",
	CTLnames_show_etal       = "2" 
}

@inproceedings{allard2016,
	title={A convolutional neural network for robotic arm guidance using {sEMG} based frequency-features},
	author={Allard, Ulysse C{\^o}t{\'e} and Nougarou, Fran{\c{c}}ois and Fall, Cheikh Latyr and Gigu{\`e}re, Philippe and Gosselin, Cl{\'e}ment and Laviolette, Fran{\c{c}}ois and Gosselin, Benoit},
	booktitle={IEEE/RSJ International Conference on Intelligent Robots and Systems (IROS)},
	pages={2464--2470},
	year={2016},
	address={Daejeon, South Korea},
	month={October 9--14,},
	organization={}
}
@inproceedings{amirabdollahian2017,
	title={Application of support vector machines in detecting hand grasp gestures using a commercially off the shelf wireless myoelectric armband},
	author={Amirabdollahian, Farshid and Walters, Michael L},
	booktitle={IEEE International Conference on Rehabilitation Robotics},
	pages={111--115},
	year={2017},
	address={London, UK},
	month={July 17--20,},
	organization={}
}
@book{bishop2006,
	title={Pattern recognition and machine learning},
	author={Bishop, Christopher M},
	year={2006},
	publisher={Springer}
}
@misc{cdcgov2020,
	mendeley-groups = {No paper},
	author = {{National Center on Birth Defects and Developmental Disabilities, Centers for Disease Control and Prevention}},
	title = {Data and Statistics for Cerebral Palsy},
	url={https://www.cdc.gov/ncbddd/cp/data.html}
}
@misc{cporg2020,
	mendeley-groups = {No paper},
	author = {{CerebralPalsy.org}},
	title = {Prevalence of Cerebral Palsy},
	url={https://www.cerebralpalsy.org/about-cerebral-palsy/prevalence-and-incidence}
}
@book{demuth2014,
	title={Neural network design},
	author={Demuth, Howard B and Beale, Mark H and De Jess, Orlando and Hagan, Martin T},
	year={2014},
	publisher={Martin Hagan}
}
@article{englehart2003,
	title={A robust, real-time control scheme for multifunction myoelectric control},
	author={Englehart, Kevin and Hudgins, Bernard and others},
	journal={IEEE Transactions on Biomedical Engineering},
	volume={50},
	number={7},
	pages={848--854},
	year={2003}
}
@inproceedings{georgi2015,
	title={Fusion and Comparison of {IMU} and {EMG} signals for wearable gesture recognition},
	author={Georgi, Marcus and Amma, Christoph and Schultz, Tanja},
	booktitle={International Joint Conference on Biomedical Engineering Systems and Technologies},
	pages={308--323},
	year={2015},
	address={Lisbon, Portugal},
	month={January 12--15,},
	organization={Springer}
}
@article{hearst1998,
	title={Support vector machines},
	author={Hearst, Marti A. and Dumais, Susan T and Osuna, Edgar and Platt, John and Scholkopf, Bernhard},
	journal={IEEE Intelligent Systems and Their Applications},
	volume={13},
	number={4},
	pages={18--28},
	year={1998},
	publisher={IEEE}
}
@article{hochreiter1997,
	title={Long short-term memory},
	author={Hochreiter, Sepp and Schmidhuber, J{\"u}rgen},
	journal={Neural Computation},
	volume={9},
	number={8},
	pages={1735--1780},
	year={1997},
	publisher={MIT Press}
}
@inproceedings{jabbari2020,
	title={{EMG}-based hand gesture classification with long short-term memory deep recurrent neural networks},
	author={Jabbari, Milad and Khushaba, Rami N and Nazarpour, Kianoush},
	booktitle={42nd Annual International Conference of the IEEE Engineering in Medicine \& Biology Society (EMBC)},
	pages={3302--3305},
	year={2020},
	address={Montreal, QC, Canada},
	month={July 20--24,},
	organization={}
}
@inproceedings{juba2019,
	title={Precision-recall versus accuracy and the role of large data sets},
	author={Juba, Brendan and Le, Hai S},
	booktitle={Proceedings of the AAAI Conference on Artificial Intelligence},
	volume={33},
	pages={4039--4048},
	year={2019}
}
@inproceedings{lima2018,
	title={Classification of hand movements from {EMG} signals using optimized {MLP}},
	author={Lima, Aron A Martins and Araujo, Rafael M and dos Santos, F{\'a}bio A Guidotti and Yoshizumi, Victor H and de Barros, F{\'a}bio KH and Spatti, Danilo H and Liboni, Luisa HB and Dajer, Maria E},
	booktitle={IEEE International Joint Conference on Neural Networks (IJCNN)},
	pages={1--7},
	year={2018},
	address={Rio de Janeiro, Brazil},
	month={July 8--13,},
	organization={}
}
@article{scikit-learn,
	title={Scikit-learn: Machine Learning in {P}ython},
	author={Pedregosa, F. and Varoquaux, G. and Gramfort, A. and Michel, V.
	and Thirion, B. and Grisel, O. and Blondel, M. and Prettenhofer, P.
	and Weiss, R. and Dubourg, V. and Vanderplas, J. and Passos, A. and
	Cournapeau, D. and Brucher, M. and Perrot, M. and Duchesnay, E.},
	journal={Journal of Machine Learning Research},
	volume={12},
	pages={2825--2830},
	year={2011}
}
@article{zhang2011,
	title={A framework for hand gesture recognition based on accelerometer and {EMG} sensors},
	author={Zhang, Xu and Chen, Xiang and Li, Yun and Lantz, Vuokko and Wang, Kongqiao and Yang, Jihai},
	journal={IEEE Transactions on Systems, Man, and Cybernetics-Part A: Systems and Humans},
	volume={41},
	number={6},
	pages={1064--1076},
	year={2011},
	publisher={IEEE}
}